@inproceedings{Bolz:2013:SSC,
  acmid = {2509531},
  added-at = {2015-03-20T11:44:58.000+0100},
  author = {Bolz, Carl Friedrich and Diekmann, Lukas and Tratt, Laurence},
  biburl = {https://www.bibsonomy.org/bibtex/28f40c457da1215fa2253f4669d8f2141/gron},
  booktitle = {Proceedings of the 2013 ACM SIGPLAN International Conference on Object Oriented Programming Systems Languages \& Applications},
  description = {Storage strategies for collections in dynamically typed languages},
  doi = {10.1145/2509136.2509531},
  interhash = {79dbf78284a25256837af40293f3969b},
  intrahash = {8f40c457da1215fa2253f4669d8f2141},
  isbn = {978-1-4503-2374-1},
  keywords = {Arrays Collections Lists Optimization Pattern Performance Strategy VM},
  location = {Indianapolis, Indiana, USA},
  numpages = {16},
  pages = {167--182},
  publisher = {ACM},
  series = {OOPSLA '13},
  timestamp = {2017-11-09T15:49:40.000+0100},
  title = {Storage Strategies for Collections in Dynamically Typed Languages},
  year = 2013
}

